01REMESSA01COBRANCA       1505608382545000111                               748BANSICREDI     18991230        0000001                                                                                                                                                                                                                                                                                 2.00000001
1AAA            AAA000000000000                092007913      20081120 NNB        00000000000000            01791       0111080000000008700         AN01110806300000000000200      0000000000000000000000000000000000000000208467940000105PEDRO RIBEIRO BASTOS                    AV. VICENZO GRANGHELLI, 856 GALPAO 05   00000320325 13820000                                                            000002
9                                                                                                                                                                                                                                                                                                                                                                                                         000003
